%YAML 1.1
%TAG !u! tag:unity3d.com,2011:
--- !u!1 &4893470326257966830
GameObject:
  m_ObjectHideFlags: 0
  m_CorrespondingSourceObject: {fileID: 0}
  m_PrefabInstance: {fileID: 0}
  m_PrefabAsset: {fileID: 0}
  serializedVersion: 6
  m_Component:
  - component: {fileID: 4893470326257966826}
  - component: {fileID: 4893470326257966825}
  - component: {fileID: 4893470326257966824}
  - component: {fileID: 4893470326257966831}
  - component: {fileID: 4893470326257966836}
  - component: {fileID: 540900014298524490}
  - component: {fileID: 4893470326257966827}
  - component: {fileID: 7291813265535223603}
  - component: {fileID: 2147115346530428298}
  - component: {fileID: 1207467426166888679}
  - component: {fileID: 4910674599614898835}
  - component: {fileID: 5936259689250999187}
  - component: {fileID: 1273268735887943779}
  - component: {fileID: 6909612383736547989}
  - component: {fileID: 1911414927627439181}
  m_Layer: 0
  m_Name: TestRabbit
  m_TagString: Untagged
  m_Icon: {fileID: 0}
  m_NavMeshLayer: 0
  m_StaticEditorFlags: 0
  m_IsActive: 1
--- !u!4 &4893470326257966826
Transform:
  m_ObjectHideFlags: 0
  m_CorrespondingSourceObject: {fileID: 0}
  m_PrefabInstance: {fileID: 0}
  m_PrefabAsset: {fileID: 0}
  m_GameObject: {fileID: 4893470326257966830}
  m_LocalRotation: {x: 0, y: 0, z: 0, w: 1}
  m_LocalPosition: {x: 0, y: 1, z: 0}
  m_LocalScale: {x: 1, y: 1, z: 1}
  m_Children:
  - {fileID: 4893470327102720424}
  m_Father: {fileID: 0}
  m_RootOrder: 0
  m_LocalEulerAnglesHint: {x: 0, y: 0, z: 0}
--- !u!33 &4893470326257966825
MeshFilter:
  m_ObjectHideFlags: 0
  m_CorrespondingSourceObject: {fileID: 0}
  m_PrefabInstance: {fileID: 0}
  m_PrefabAsset: {fileID: 0}
  m_GameObject: {fileID: 4893470326257966830}
  m_Mesh: {fileID: 10208, guid: 0000000000000000e000000000000000, type: 0}
--- !u!23 &4893470326257966824
MeshRenderer:
  m_ObjectHideFlags: 0
  m_CorrespondingSourceObject: {fileID: 0}
  m_PrefabInstance: {fileID: 0}
  m_PrefabAsset: {fileID: 0}
  m_GameObject: {fileID: 4893470326257966830}
  m_Enabled: 1
  m_CastShadows: 1
  m_ReceiveShadows: 1
  m_DynamicOccludee: 1
  m_MotionVectors: 1
  m_LightProbeUsage: 1
  m_ReflectionProbeUsage: 1
  m_RayTracingMode: 2
  m_RayTraceProcedural: 0
  m_RenderingLayerMask: 1
  m_RendererPriority: 0
  m_Materials:
  - {fileID: 2100000, guid: f77e9422b4ab62e48be379e405109504, type: 2}
  m_StaticBatchInfo:
    firstSubMesh: 0
    subMeshCount: 0
  m_StaticBatchRoot: {fileID: 0}
  m_ProbeAnchor: {fileID: 0}
  m_LightProbeVolumeOverride: {fileID: 0}
  m_ScaleInLightmap: 1
  m_ReceiveGI: 1
  m_PreserveUVs: 0
  m_IgnoreNormalsForChartDetection: 0
  m_ImportantGI: 0
  m_StitchLightmapSeams: 1
  m_SelectedEditorRenderState: 3
  m_MinimumChartSize: 4
  m_AutoUVMaxDistance: 0.5
  m_AutoUVMaxAngle: 89
  m_LightmapParameters: {fileID: 0}
  m_SortingLayerID: 0
  m_SortingLayer: 0
  m_SortingOrder: 0
  m_AdditionalVertexStreams: {fileID: 0}
--- !u!136 &4893470326257966831
CapsuleCollider:
  m_ObjectHideFlags: 0
  m_CorrespondingSourceObject: {fileID: 0}
  m_PrefabInstance: {fileID: 0}
  m_PrefabAsset: {fileID: 0}
  m_GameObject: {fileID: 4893470326257966830}
  m_Material: {fileID: 0}
  m_IsTrigger: 0
  m_Enabled: 1
  m_Radius: 0.5
  m_Height: 2
  m_Direction: 1
  m_Center: {x: 0, y: 0, z: 0}
--- !u!195 &4893470326257966836
NavMeshAgent:
  m_ObjectHideFlags: 0
  m_CorrespondingSourceObject: {fileID: 0}
  m_PrefabInstance: {fileID: 0}
  m_PrefabAsset: {fileID: 0}
  m_GameObject: {fileID: 4893470326257966830}
  m_Enabled: 1
  m_AgentTypeID: 0
  m_Radius: 0.5
  m_Speed: 3
  m_Acceleration: 8
  avoidancePriority: 50
  m_AngularSpeed: 120
  m_StoppingDistance: 0
  m_AutoTraverseOffMeshLink: 1
  m_AutoBraking: 1
  m_AutoRepath: 1
  m_Height: 2
  m_BaseOffset: 1
  m_WalkableMask: 4294967295
  m_ObstacleAvoidanceType: 4
--- !u!114 &540900014298524490
MonoBehaviour:
  m_ObjectHideFlags: 0
  m_CorrespondingSourceObject: {fileID: 0}
  m_PrefabInstance: {fileID: 0}
  m_PrefabAsset: {fileID: 0}
  m_GameObject: {fileID: 4893470326257966830}
  m_Enabled: 1
  m_EditorHideFlags: 0
  m_Script: {fileID: 11500000, guid: d643536d3a674497ae92a9da7f7482cf, type: 3}
  m_Name: 
  m_EditorClassIdentifier: 
--- !u!114 &4893470326257966827
MonoBehaviour:
  m_ObjectHideFlags: 0
  m_CorrespondingSourceObject: {fileID: 0}
  m_PrefabInstance: {fileID: 0}
  m_PrefabAsset: {fileID: 0}
  m_GameObject: {fileID: 4893470326257966830}
  m_Enabled: 1
  m_EditorHideFlags: 0
  m_Script: {fileID: 11500000, guid: 8c731fe9bb7f4d808f43b6fccf99c43d, type: 3}
  m_Name: 
  m_EditorClassIdentifier: 
--- !u!114 &7291813265535223603
MonoBehaviour:
  m_ObjectHideFlags: 0
  m_CorrespondingSourceObject: {fileID: 0}
  m_PrefabInstance: {fileID: 0}
  m_PrefabAsset: {fileID: 0}
  m_GameObject: {fileID: 4893470326257966830}
  m_Enabled: 1
  m_EditorHideFlags: 0
  m_Script: {fileID: 11500000, guid: 0751317dc8873d146a72b8cd6018a2f5, type: 3}
  m_Name: 
  m_EditorClassIdentifier: 
  radius:
    overrideValue: 0
    floatValue: {fileID: 11400000, guid: d80c6e2f46782ed44b5d05e43dd68e6e, type: 2}
    overridenValue: 0
  layersToSee:
    serializedVersion: 2
    m_Bits: 55
--- !u!114 &2147115346530428298
MonoBehaviour:
  m_ObjectHideFlags: 0
  m_CorrespondingSourceObject: {fileID: 0}
  m_PrefabInstance: {fileID: 0}
  m_PrefabAsset: {fileID: 0}
  m_GameObject: {fileID: 4893470326257966830}
  m_Enabled: 1
  m_EditorHideFlags: 0
  m_Script: {fileID: 11500000, guid: d4a3780229b24ac0bbec0dde6c070969, type: 3}
  m_Name: 
  m_EditorClassIdentifier: 
  reproductionDesireThreshold:
    overrideValue: 0
    floatValue: {fileID: 11400000, guid: 8115b5c5fc2ed62448c3b9645a1199d9, type: 2}
    overridenValue: 0
  currentDesire: 0
  babyVersion: {fileID: 7744280980316955991, guid: ecaa20472bc45a4478c12d9880142a6f, type: 3}
--- !u!114 &1207467426166888679
MonoBehaviour:
  m_ObjectHideFlags: 0
  m_CorrespondingSourceObject: {fileID: 0}
  m_PrefabInstance: {fileID: 0}
  m_PrefabAsset: {fileID: 0}
  m_GameObject: {fileID: 4893470326257966830}
  m_Enabled: 1
  m_EditorHideFlags: 0
  m_Script: {fileID: 11500000, guid: 73d4bd892dce43baaa060af61471069a, type: 3}
  m_Name: 
  m_EditorClassIdentifier: 
  retryFailedPlanningFrequency:
    overrideValue: 0
    floatValue: {fileID: 11400000, guid: c7dd8dcca3e3cd64b99bc0997a859eca, type: 2}
    overridenValue: 0
--- !u!114 &4910674599614898835
MonoBehaviour:
  m_ObjectHideFlags: 0
  m_CorrespondingSourceObject: {fileID: 0}
  m_PrefabInstance: {fileID: 0}
  m_PrefabAsset: {fileID: 0}
  m_GameObject: {fileID: 4893470326257966830}
  m_Enabled: 1
  m_EditorHideFlags: 0
  m_Script: {fileID: 11500000, guid: 2abda420da70c6e4caa0d2bc8e624f6d, type: 3}
  m_Name: 
  m_EditorClassIdentifier: 
  actionCost:
    overrideValue: 0
    floatValue: {fileID: 11400000, guid: 4b946b8ab0e575241ab94a4db6b5f8ac, type: 2}
    overridenValue: 0
  interactionRange:
    overrideValue: 0
    floatValue: {fileID: 11400000, guid: eda1f2d17a2589c43b3ca777a9d7d4e2, type: 2}
    overridenValue: 0
  currentProgress: 0
  totalDuration:
    overrideValue: 0
    floatValue: {fileID: 11400000, guid: 20d4b39562574124097bf3d8dbc24531, type: 2}
    overridenValue: 0
  maxDurationRandomness:
    overrideValue: 0
    floatValue: {fileID: 11400000, guid: efe8e0b6b1b0e8445857c4d413d5acd8, type: 2}
    overridenValue: 0
  maxWanderingRange:
    overrideValue: 0
    floatValue: {fileID: 11400000, guid: 45a0e983de04e324da04e62b07c9d349, type: 2}
    overridenValue: 0
--- !u!114 &5936259689250999187
MonoBehaviour:
  m_ObjectHideFlags: 0
  m_CorrespondingSourceObject: {fileID: 0}
  m_PrefabInstance: {fileID: 0}
  m_PrefabAsset: {fileID: 0}
  m_GameObject: {fileID: 4893470326257966830}
  m_Enabled: 1
  m_EditorHideFlags: 0
  m_Script: {fileID: 11500000, guid: ba5a2a07db9649249194fa95221ecd5d, type: 3}
  m_Name: 
  m_EditorClassIdentifier: 
  actionCost:
    overrideValue: 0
    floatValue: {fileID: 11400000, guid: 29b8cb8d71d4a894392aeea0273eb2cd, type: 2}
    overridenValue: 0
  interactionRange:
    overrideValue: 0
    floatValue: {fileID: 11400000, guid: a569a1ab90053c4499631b550d8042dd, type: 2}
    overridenValue: 0
  currentProgress: 0
  totalDuration:
    overrideValue: 0
    floatValue: {fileID: 11400000, guid: 67fe6e2d4e025cc4791f8af98b0aa7b1, type: 2}
    overridenValue: 0
  maxDurationRandomness:
    overrideValue: 0
    floatValue: {fileID: 11400000, guid: cce71ace879760041a03a186cbd1d3ce, type: 2}
    overridenValue: 0
--- !u!114 &1273268735887943779
MonoBehaviour:
  m_ObjectHideFlags: 0
  m_CorrespondingSourceObject: {fileID: 0}
  m_PrefabInstance: {fileID: 0}
  m_PrefabAsset: {fileID: 0}
  m_GameObject: {fileID: 4893470326257966830}
  m_Enabled: 1
  m_EditorHideFlags: 0
  m_Script: {fileID: 11500000, guid: 0b307f22214f4817b8f87a0888546351, type: 3}
  m_Name: 
  m_EditorClassIdentifier: 
  actionCost:
    overrideValue: 0
    floatValue: {fileID: 11400000, guid: 29b8cb8d71d4a894392aeea0273eb2cd, type: 2}
    overridenValue: 0
  interactionRange:
    overrideValue: 0
    floatValue: {fileID: 11400000, guid: eda1f2d17a2589c43b3ca777a9d7d4e2, type: 2}
    overridenValue: 0
--- !u!114 &6909612383736547989
MonoBehaviour:
  m_ObjectHideFlags: 0
  m_CorrespondingSourceObject: {fileID: 0}
  m_PrefabInstance: {fileID: 0}
  m_PrefabAsset: {fileID: 0}
  m_GameObject: {fileID: 4893470326257966830}
  m_Enabled: 1
  m_EditorHideFlags: 0
  m_Script: {fileID: 11500000, guid: 2ec8927a234e44609cb988fe36101562, type: 3}
  m_Name: 
  m_EditorClassIdentifier: 
--- !u!114 &1911414927627439181
MonoBehaviour:
  m_ObjectHideFlags: 0
  m_CorrespondingSourceObject: {fileID: 0}
  m_PrefabInstance: {fileID: 0}
  m_PrefabAsset: {fileID: 0}
  m_GameObject: {fileID: 4893470326257966830}
  m_Enabled: 1
  m_EditorHideFlags: 0
  m_Script: {fileID: 11500000, guid: ee959a75b3334af9ba1f26efbe2f531a, type: 3}
  m_Name: 
  m_EditorClassIdentifier: 
--- !u!1 &4893470327102720431
GameObject:
  m_ObjectHideFlags: 0
  m_CorrespondingSourceObject: {fileID: 0}
  m_PrefabInstance: {fileID: 0}
  m_PrefabAsset: {fileID: 0}
  serializedVersion: 6
  m_Component:
  - component: {fileID: 4893470327102720424}
  - component: {fileID: 4893470327102720426}
  - component: {fileID: 4893470327102720425}
  m_Layer: 0
  m_Name: Face
  m_TagString: Untagged
  m_Icon: {fileID: 0}
  m_NavMeshLayer: 0
  m_StaticEditorFlags: 0
  m_IsActive: 1
--- !u!4 &4893470327102720424
Transform:
  m_ObjectHideFlags: 0
  m_CorrespondingSourceObject: {fileID: 0}
  m_PrefabInstance: {fileID: 0}
  m_PrefabAsset: {fileID: 0}
  m_GameObject: {fileID: 4893470327102720431}
  m_LocalRotation: {x: 0, y: 0, z: 0, w: 1}
  m_LocalPosition: {x: 0, y: 0.52, z: 0.41}
  m_LocalScale: {x: 0.6586352, y: 0.27138, z: 0.45461756}
  m_Children: []
  m_Father: {fileID: 4893470326257966826}
  m_RootOrder: 0
  m_LocalEulerAnglesHint: {x: 0, y: 0, z: 0}
--- !u!33 &4893470327102720426
MeshFilter:
  m_ObjectHideFlags: 0
  m_CorrespondingSourceObject: {fileID: 0}
  m_PrefabInstance: {fileID: 0}
  m_PrefabAsset: {fileID: 0}
  m_GameObject: {fileID: 4893470327102720431}
  m_Mesh: {fileID: 10202, guid: 0000000000000000e000000000000000, type: 0}
--- !u!23 &4893470327102720425
MeshRenderer:
  m_ObjectHideFlags: 0
  m_CorrespondingSourceObject: {fileID: 0}
  m_PrefabInstance: {fileID: 0}
  m_PrefabAsset: {fileID: 0}
  m_GameObject: {fileID: 4893470327102720431}
  m_Enabled: 1
  m_CastShadows: 1
  m_ReceiveShadows: 1
  m_DynamicOccludee: 1
  m_MotionVectors: 1
  m_LightProbeUsage: 1
  m_ReflectionProbeUsage: 1
  m_RayTracingMode: 2
  m_RayTraceProcedural: 0
  m_RenderingLayerMask: 1
  m_RendererPriority: 0
  m_Materials:
  - {fileID: 10303, guid: 0000000000000000f000000000000000, type: 0}
  m_StaticBatchInfo:
    firstSubMesh: 0
    subMeshCount: 0
  m_StaticBatchRoot: {fileID: 0}
  m_ProbeAnchor: {fileID: 0}
  m_LightProbeVolumeOverride: {fileID: 0}
  m_ScaleInLightmap: 1
  m_ReceiveGI: 1
  m_PreserveUVs: 0
  m_IgnoreNormalsForChartDetection: 0
  m_ImportantGI: 0
  m_StitchLightmapSeams: 1
  m_SelectedEditorRenderState: 3
  m_MinimumChartSize: 4
  m_AutoUVMaxDistance: 0.5
  m_AutoUVMaxAngle: 89
  m_LightmapParameters: {fileID: 0}
  m_SortingLayerID: 0
  m_SortingLayer: 0
  m_SortingOrder: 0
  m_AdditionalVertexStreams: {fileID: 0}
